<record><leader>00000cas a22000007a 4500</leader><controlfield tag="001">14393111</controlfield><controlfield tag="008">861014d19371938txucr ne      0    0eng d</controlfield><datafield ind1=" " ind2=" " tag="010"><subfield code="a">sn 86089587 </subfield></datafield><datafield ind1=" " ind2=" " tag="040"><subfield code="a">PPM</subfield><subfield code="b">eng</subfield><subfield code="c">PPM</subfield><subfield code="d">OCLCQ</subfield></datafield><datafield ind1=" " ind2=" " tag="042"><subfield code="a">msc</subfield></datafield><datafield ind1="0" ind2="0" tag="245"><subfield code="a">East Harris County news-tribune.</subfield></datafield><datafield ind1="1" ind2="7" tag="246"><subfield code="a">News-tribune</subfield></datafield><datafield ind1=" " ind2=" " tag="260"><subfield code="a">Goose Creek, Tex. :</subfield><subfield code="b">Clifford M. Bond,</subfield><subfield code="c">1937-1938.</subfield></datafield><datafield ind1=" " ind2=" " tag="300"><subfield code="a">1 v. :</subfield><subfield code="b">ill. ;</subfield><subfield code="c">56 cm.</subfield></datafield><datafield ind1=" " ind2=" " tag="310"><subfield code="a">Weekly,</subfield><subfield code="b">Mar. 1938-Aug. 1938</subfield></datafield><datafield ind1=" " ind2=" " tag="321"><subfield code="a">Semiweekly,</subfield><subfield code="b">July 1937-Feb. 1938</subfield></datafield><datafield ind1="0" ind2=" " tag="362"><subfield code="a">Vol. 10, no. 49 (July 17, 1937)-v. 11, no. 33 (Aug. 25, 1928).</subfield></datafield><datafield ind1=" " ind2=" " tag="515"><subfield code="a">Continues numbering of: News-tribune (La Porte, Tex. : 1928).</subfield></datafield><datafield ind1=" " ind2=" " tag="580"><subfield code="a">Formed by the union of: News-tribune, and: Times-record.</subfield></datafield><datafield ind1=" " ind2=" " tag="752"><subfield code="a">United States</subfield><subfield code="b">Texas</subfield><subfield code="c">Harris</subfield><subfield code="d">Goose Creek.</subfield></datafield><datafield ind1=" " ind2=" " tag="752"><subfield code="a">United States</subfield><subfield code="b">Texas</subfield><subfield code="c">Harris</subfield><subfield code="d">La Porte.</subfield></datafield><datafield ind1=" " ind2=" " tag="752"><subfield code="a">United States</subfield><subfield code="b">Texas</subfield><subfield code="c">Harris</subfield><subfield code="d">Pasadena.</subfield></datafield><datafield ind1="1" ind2="4" tag="780"><subfield code="t">News-tribune (La Porte, Tex. : 1928)</subfield></datafield><datafield ind1="1" ind2="4" tag="780"><subfield code="t">Times-record (Pasadena, Tex. : 1929)</subfield></datafield><datafield ind1="0" ind2="0" tag="785"><subfield code="t">Daily news-tribune (Goose Creek, Tex. : 1938)</subfield></datafield></record>